@article{cormen2004wprowadzenie,
  title={Wprowadzenie do algorytm{\'o}w},
  author={Cormen, Thomas H and Leiserson, Charles E and Rivest, Ronald L and Stein, Clifford},
  journal={WNT, Warszawa},
  year={2004}
}

@book{czech2010algorytmy,
  title={Algorytmy i struktury danych: wybrane zagadnienia},
  author={Czech, Zbigniew and Deorowicz, Sebastian and Fabian, Piotr},
  year={2010},
  publisher={Wydawnictwo Politechniki {\'S}l{\k{a}}skiej}
}